% Encoding: UTF-8

@Book{Balanis2015,
  author    = {Balanis, Constantine A.},
  title     = {Antenna Theory},
  year      = {2015},
  date      = {2015-12-28},
  publisher = {John Wiley \& Sons},
  pagetotal = {1104},
  url       = {https://www.ebook.de/de/product/25674970/constantine_a_balanis_antenna_theory.html},
  ean       = {9781119178996},
}

@Misc{Maxwell,
  author = {G. J. Stodart},
  title  = {Engraving of James Clerk Maxwell},
  year   = {Before 1890},
}

@Comment{jabref-meta: databaseType:biblatex;}
